@inproceedings{Ruiz12,
	Author = {Ruiz, I.J.M. and Nagappan, M. and Adams, B. and Hassan, A.E.},
	Booktitle = {Program Comprehension (ICPC), 2012 IEEE 20th International Conference on},
	Doi = {10.1109/ICPC.2012.6240477},
	Issn = {1092-8138},
	Keywords = {application program interfaces;mobile computing;software reusability;android API;android market;app stores;byte code;class reuse;inheritance reuse;mobile app market;mobile devices;software Bertillonage;software products;software reuse;source code;Androids;Humanoid robots;Java;Meteorology;Mobile communication;Software reusability},
	Month = {June},
	Pages = {113-122},
	Title = {Understanding reuse in the Android Market},
	Year = {2012},
}

@inproceedings{Syer11,
	Author = {Syer, M.D. and Adams, B. and Ying Zou and Hassan, A.E.},
	Booktitle = {Source Code Analysis and Manipulation (SCAM), 2011 11th IEEE International Working Conference on},
	Doi = {10.1109/SCAM.2011.25},
	Keywords = {mobile handsets;software libraries;source coding;Android microapps;Blackberry microapps;code churn;code dependencies;mobile devices;mobile technologies;product quality;smartphones;source code;third party libraries;Android;Black-Berry;micro-apps;mobile platforms},
	Month = {Sept},
	Pages = {55-64},
	Title = {Exploring the Development of Micro-apps: A Case Study on the BlackBerry and Android Platforms},
	Year = {2011},
}

@inproceedings{McDon13,
	Author = {McDonnell, T. and Ray, B. and Miryung Kim},
	Booktitle = {Software Maintenance (ICSM), 2013 29th IEEE International Conference on},
	Doi = {10.1109/ICSM.2013.18},
	Issn = {1063-6773},
	Keywords = {application program interfaces;mobile computing;operating systems (computers);software maintenance;API evolution;API stability;API usage adaptation code;Android API coevolution behavior;Android ecosystem;github;software ecosystems;version history data;Androids;Google;History;Humanoid robots;Mobile communication;Smart phones;Software},
	Month = {Sept},
	Pages = {70-79},
	Title = {An Empirical Study of API Stability and Adoption in the Android Ecosystem},
	Year = {2013},
}

@inproceedings{Linar13,
	Acmid = {2491428},
	Address = {New York, NY, USA},
	Author = {Linares-V\'{a}squez, Mario and Bavota, Gabriele and Bernal-C\'{a}rdenas, Carlos and Di Penta, Massimiliano and Oliveto, Rocco and Poshyvanyk, Denys},
	Booktitle = {Proceedings of the 2013 9th Joint Meeting on Foundations of Software Engineering},
	Doi = {10.1145/2491411.2491428},
	Isbn = {978-1-4503-2237-9},
	Keywords = {API changes, Android, Empirical Studies, Mining Software Repositories},
	Location = {Saint Petersburg, Russia},
	Numpages = {11},
	Pages = {477--487},
	Publisher = {ACM},
	Series = {ESEC/FSE 2013},
	Title = {API Change and Fault Proneness: A Threat to the Success of Android Apps},
	Url = {http://doi.acm.org/10.1145/2491411.2491428},
	Year = {2013},
}


@inproceedings{Octea12,
	Acmid = {2393600},
	Address = {New York, NY, USA},
	Articleno = {6},
	Author = {Octeau, Damien and Jha, Somesh and McDaniel, Patrick},
	Booktitle = {Proceedings of the ACM SIGSOFT 20th International Symposium on the Foundations of Software Engineering},
	Doi = {10.1145/2393596.2393600},
	Isbn = {978-1-4503-1614-9},
	Keywords = {Android, Dalvik bytecode, Dalvik retargeting},
	Location = {Cary, North Carolina},
	Numpages = {11},
	Pages = {6:1--6:11},
	Publisher = {ACM},
	Series = {FSE '12},
	Title = {Retargeting Android Applications to Java Bytecode},
	Url = {http://doi.acm.org/10.1145/2393596.2393600},
	Year = {2012},
}

@inproceedings{Zhou12,
	Acmid = {2133640},
	Address = {New York, NY, USA},
	Author = {Zhou, Wu and Zhou, Yajin and Jiang, Xuxian and Ning, Peng},
	Booktitle = {Proceedings of the Second ACM Conference on Data and Application Security and Privacy},
	Date-Modified = {2014-03-12 14:37:49 +0000},
	Doi = {10.1145/2133601.2133640},
	Isbn = {978-1-4503-1091-8},
	Keywords = {privacy and security, repackaging, smartphones},
	Location = {San Antonio, Texas, USA},
	Numpages = {10},
	Pages = {317--326},
	Publisher = {ACM},
	Series = {CODASPY '12},
	Title = {Detecting Repackaged Smartphone Applications in Third-party Android Marketplaces},
	Url = {http://doi.acm.org/10.1145/2133601.2133640},
	Year = {2012},
}

@article{Coelh11,
	Author = {Roberta Coelho and Arndt von Staa and Uir{\'a} Kulesza and Awais Rashid and Carlos Lucena},
	Doi = {http://dx.doi.org/10.1016/j.ins.2010.06.002},
	Issn = {0020-0255},
	Journal = {Information Sciences},
	Keywords = {Exception handling rules conformance},
	Note = {Including Special Section on Databases and Software Engineering},
	Number = {13},
	Pages = {2700 - 2720},
	Title = {Unveiling and taming liabilities of aspects in the presence of exceptions: A static analysis based approach},
	Url = {http://www.sciencedirect.com/science/article/pii/S0020025510002525},
	Volume = {181},
	Year = {2011},
}


@inproceedings{Di-Be11,
	Author = {Di Bernardo, R. and Sales, R. and Castor, F. and Coelho, R. and Cacho, N. and Soares, S.},
	Booktitle = {Software Engineering (SBES), 2011 25th Brazilian Symposium on},
	Doi = {10.1109/SBES.2011.28},
	Keywords = {Java;exception handling;program debugging;program testing;public domain software;software reliability;JUnit framework;Java open source application;agile testing;bugs;exception handling;exceptional behavior;expected path;production quality;reliability;software system;Computer bugs;Documentation;Java;Programming;Runtime;Semantics;Testing;aspect-oriented programming.;exception handling;exceptional behavior;testing},
	Month = {Sept},
	Pages = {204-213},
	Title = {Agile Testing of Exceptional Behavior},
	Year = {2011},
}


@inproceedings{Hassa08,
	Author = {Hassan, A.E.},
	Booktitle = {Frontiers of Software Maintenance, 2008. FoSM 2008.},
	Doi = {10.1109/FOSM.2008.4659248},
	Keywords = {data mining;decision making;program debugging;project management;software engineering;archived communications;bug repositories;code repositories;decision processes;deployment logs;mining software repositories field;modern software projects;source control repositories;Application software;Communication system control;Computer bugs;History;Information analysis;Resource management;Roads;Runtime;Software systems;Testing},
	Month = {Sept},
	Pages = {48-57},
	Title = {The road ahead for Mining Software Repositories},
	Year = {2008},
}

@inproceedings{Zhang12,
	Acmid = {2337293},
	Address = {Piscataway, NJ, USA},
	Author = {Zhang, Pingyu and Elbaum, Sebastian},
	Booktitle = {Proceedings of the 34th International Conference on Software Engineering},
	Isbn = {978-1-4673-1067-3},
	Location = {Zurich, Switzerland},
	Numpages = {11},
	Pages = {595--605},
	Publisher = {IEEE Press},
	Series = {ICSE '12},
	Title = {Amplifying Tests to Validate Exception Handling Code},
	Url = {http://dl.acm.org/citation.cfm?id=2337223.2337293},
	Year = {2012},
}

@misc{BugSe14,
	Howpublished = {\url{https://www.bugsense.com/}},
	Month = {Mar},
	Title = {Bugsense},
	Year = {2014},
  note = {Online}
}

@misc{BugSn14,
	Howpublished = {\url{https://bugsnag.com/}},
	Month = {Mar},
	Title = {Bugsnag},
	Year = {2014},
  note = {Online}
}

@misc{Googl14,
	Howpublished = {\url{https://www.google.com/analytics/}},
	Month = {Mar},
	Title = {Google Analytics},
	Year = {2014},
  note = {Online}
}

@misc{Acra14,
	Howpublished = {\url{code.google.com/p/acra/}},
	Month = {Mar},
	Title = {ACRA},
	Year = {2014},
  note = {Online}
}

@misc{javatut,
	Howpublished = {\url{http://docs.oracle.com/javase/
tutorial/essential /exceptions/runtime.html}},
	Month = {Mar},
	Title = {The Java Tutorial. Unchecked Exceptions â€” The Controversy.},
	Year = {2014},
  note = {Online}
}


@inproceedings{Patha11,
 author = {Pathak, Abhinav and Hu, Y. Charlie and Zhang, Ming},
 title = {Bootstrapping Energy Debugging on Smartphones: A First Look at Energy Bugs in Mobile Devices},
 booktitle = {Proceedings of the 10th ACM Workshop on Hot Topics in Networks},
 series = {HotNets-X},
 year = {2011},
 isbn = {978-1-4503-1059-8},
 location = {Cambridge, Massachusetts},
 pages = {5:1--5:6},
 articleno = {5},
 numpages = {6},
 url = {http://doi.acm.org/10.1145/2070562.2070567},
 doi = {10.1145/2070562.2070567},
 acmid = {2070567},
 publisher = {ACM},
 address = {New York, NY, USA},
 keywords = {ebug, energy, energy bug},
} 

@article{Weimer08,
 author = {Weimer, Westley and Necula, George C.},
 title = {Exceptional Situations and Program Reliability},
 journal = {ACM Trans. Program. Lang. Syst.},
 issue_date = {March 2008},
 volume = {30},
 number = {2},
 month = mar,
 year = {2008},
 issn = {0164-0925},
 pages = {8:1--8:51},
 articleno = {8},
 numpages = {51},
 url = {http://doi.acm.org/10.1145/1330017.1330019},
 doi = {10.1145/1330017.1330019},
 acmid = {1330019},
 publisher = {ACM},
 address = {New York, NY, USA},
 keywords = {Error handling, compensating transactions, linear sagas, linear types, resource management},
} 

@ARTICLE{Sinha00, 
author={Sinha, S. and Harrold, M.J.}, 
journal={Software Engineering, IEEE Transactions on}, 
title={Analysis and testing of programs with exception handling constructs}, 
year={2000}, 
month={Sep}, 
volume={26}, 
number={9}, 
pages={849-871}, 
keywords={C++ language;Java;data flow analysis;exception handling;object-oriented programming;program slicing;program testing;software engineering;C++;Java;control dependence analysis;control flow analysis;data flow analysis;exception handling constructs;program analysis;program testing;software engineering;throw statements;Cause effect analysis;Computer Society;Data analysis;Failure analysis;Frequency;Information analysis;Java;Performance analysis;Software engineering;Software testing}, 
doi={10.1109/32.877846}, 
ISSN={0098-5589},}

@inproceedings{Robil00,
 author = {Robillard, Martin P. and Murphy, Gail C.},
 title = {Designing Robust Java Programs with Exceptions},
 booktitle = {Proceedings of the 8th ACM SIGSOFT International Symposium on Foundations of Software Engineering: Twenty-first Century Applications},
 series = {SIGSOFT '00/FSE-8},
 year = {2000},
 isbn = {1-58113-205-0},
 location = {San Diego, California, USA},
 pages = {2--10},
 numpages = {9},
 url = {http://doi.acm.org/10.1145/355045.355046},
 doi = {10.1145/355045.355046},
 acmid = {355046},
 publisher = {ACM},
 address = {New York, NY, USA},
 keywords = {error handling, exception handling, exception structure design, software compartments},
} 

@INPROCEEDINGS{Cacho09, 
author={Cacho, N. and Dantas, F. and Garcia, A. and Castor, F.}, 
booktitle={Software Engineering, 2009. SBES '09. XXIII Brazilian Symposium on}, 
title={Exception Flows Made Explicit: An Exploratory Study}, 
year={2009}, 
month={Oct}, 
pages={43-53}, 
keywords={computer interfaces;exception handling;programming languages;software reusability;error handling code;exception flows;exception handling mechanisms;global design impact;implicit exception flows;multiple module interfaces;programming languages;software usability;Computer languages;Error correction;Informatics;Power system reliability;Resumes;Robustness;Software engineering;Software quality;Software systems;Usability}, 
doi={10.1109/SBES.2009.11},}

@inproceedings{Thummalapenta:2009:MER:1555001.1555063,
 author = {Thummalapenta, Suresh and Xie, Tao},
 title = {Mining Exception-handling Rules As Sequence Association Rules},
 booktitle = {Proceedings of the 31st International Conference on Software Engineering},
 series = {ICSE '09},
 year = {2009},
 isbn = {978-1-4244-3453-4},
 pages = {496--506},
 numpages = {11},
 url = {http://dx.doi.org/10.1109/ICSE.2009.5070548},
 doi = {10.1109/ICSE.2009.5070548},
 acmid = {1555063},
 publisher = {IEEE Computer Society},
 address = {Washington, DC, USA},
} 


@inproceedings{sinha2009fault,
  title={Fault localization and repair for Java runtime exceptions},
  author={Sinha, Saurabh and Shah, Hina and G{\"o}rg, Carsten and Jiang, Shujuan and Kim, Mijung and Harrold, Mary Jean},
  booktitle={Proceedings of the eighteenth international symposium on Software testing and analysis},
  pages={153--164},
  year={2009},
  organization={ACM}
}


@inproceedings{kim2013predicting,
  title={Predicting method crashes with bytecode operations},
  author={Kim, Sunghun and Zimmermann, Thomas and Premraj, Rahul and Bettenburg, Nicolas and Shivaji, Shivkumar},
  booktitle={Proceedings of the 6th India Software Engineering Conference},
  pages={3--12},
  year={2013},
  organization={ACM}
}


@incollection{cabral2007exception,
  title={Exception handling: A field study in Java and. Net},
  author={Cabral, Bruno and Marques, Paulo},
  booktitle={ECOOP 2007--Object-Oriented Programming},
  pages={151--175},
  year={2007},
  publisher={Springer}
}


@inproceedings{reimer2003analyzing,
  title={Analyzing exception usage in large java applications},
  author={Reimer, Darell and Srinivasan, Harini},
  booktitle={Proceedings of ECOOP 2003 Workshop on Exception Handling in Object-Oriented Systems},
  year={2003}
}


@inproceedings{bettenburg2008extracting,
  title={Extracting structural information from bug reports},
  author={Bettenburg, Nicolas and Premraj, Rahul and Zimmermann, Thomas and Kim, Sunghun},
  booktitle={Proceedings of the 2008 international working conference on Mining software repositories},
  pages={27--30},
  year={2008},
  organization={ACM}
}

@inproceedings{bacchelli2012content,
  title={Content classification of development emails},
  author={Bacchelli, Alberto and Dal Sasso, Tommaso and D'Ambros, Marco and Lanza, Michele},
  booktitle={Proceedings of the 2012 International Conference on Software Engineering},
  pages={375--385},
  year={2012},
  organization={IEEE Press}
}

@inproceedings{marinescu2011classes,
  title={Are the classes that use exceptions defect prone?},
  author={Marinescu, Cristina},
  booktitle={Proceedings of the 12th International Workshop on Principles of Software Evolution and the 7th annual ERCIM Workshop on Software Evolution},
  pages={56--60},
  year={2011},
  organization={ACM}
}

@inproceedings{bettenburg2008makes,
  title={What makes a good bug report?},
  author={Bettenburg, Nicolas and Just, Sascha and Schr{\"o}ter, Adrian and Weiss, Cathrin and Premraj, Rahul and Zimmermann, Thomas},
  booktitle={Proceedings of the 16th ACM SIGSOFT International Symposium on Foundations of software engineering},
  pages={308--318},
  year={2008},
  organization={ACM}
}

@inproceedings{dhaliwal2011classifying,
  title={Classifying field crash reports for fixing bugs: A case study of mozilla firefox},
  author={Dhaliwal, Tejinder and Khomh, Foutse and Zou, Ying},
  booktitle={Software Maintenance (ICSM), 2011 27th IEEE International Conference on},
  pages={333--342},
  year={2011},
  organization={IEEE}
}

@inproceedings{kim2011crash,
  title={Crash graphs: An aggregated view of multiple crashes to improve crash triage},
  author={Kim, Sunghun and Zimmermann, Thomas and Nagappan, Nachiappan},
  booktitle={Dependable Systems \& Networks (DSN), 2011 IEEE/IFIP 41st International Conference on},
  pages={486--493},
  year={2011},
  organization={IEEE}
}

@inproceedings{sawadpong2012exception,
  title={Exception handling defects: An empirical study},
  author={Sawadpong, Puntitra and Allen, Edward B and Williams, Byron J},
  booktitle={High-Assurance Systems Engineering (HASE), 2012 IEEE 14th International Symposium on},
  pages={90--97},
  year={2012},
  organization={IEEE}
}

@inproceedings{wang2013improving,
  title={Improving bug localization using correlations in crash reports},
  author={Wang, Shaohua and Khomh, Foutse and Zou, Ying},
  booktitle={Mining Software Repositories (MSR), 2013 10th IEEE Working Conference on},
  pages={247--256},
  year={2013},
  organization={IEEE}
}

@inproceedings{schroter2010stack,
  title={Do stack traces help developers fix bugs?},
  author={Schroter, Adrian and Bettenburg, Nicolas and Premraj, Rahul},
  booktitle={Mining Software Repositories (MSR), 2010 7th IEEE Working Conference on},
  pages={118--121},
  year={2010},
  organization={IEEE}
}


@article{meyer1992applying,
  title={Applying'design by contract'},
  author={Meyer, Bertrand},
  journal={Computer},
  volume={25},
  number={10},
  pages={40--51},
  year={1992},
  publisher={IEEE}
}


@inproceedings{shah2008developers,
  title={Why do developers neglect exception handling?},
  author={Shah, Hina and G{\"o}rg, Carsten and Harrold, Mary Jean},
  booktitle={Proceedings of the 4th international workshop on Exception handling},
  pages={62--68},
  year={2008},
  organization={ACM}
}


@book{bloch2008effective,
  title={Effective java},
  author={Bloch, Joshua},
  year={2008},
  publisher={Pearson Education India}
}


@book{mandrioli1992advances,
  title={Advances in object-oriented software engineering},
  author={Mandrioli, Dino and Meyer, Bertrand},
  year={1992},
  publisher={Prentice-Hall, Inc.}
}

@article{goodenough1975exception,
  title={Exception handling: issues and a proposed notation},
  author={Goodenough, John B},
  journal={Communications of the ACM},
  volume={18},
  number={12},
  pages={683--696},
  year={1975},
  publisher={ACM}
}

@article{jo2004uncaught,
  title={An uncaught exception analysis for Java},
  author={Jo, Jang-Wu and Chang, Byeong-Mo and Yi, Kwangkeun and Choe, Kwang-Moo},
  journal={Journal of systems and software},
  volume={72},
  number={1},
  pages={59--69},
  year={2004},
  publisher={Elsevier}
}

@misc{lions1996ariane,
  title={Ariane 5 flight 501 failure},
  author={Lions, Jacques-Louis and others},
  year={1996},
  publisher={Report by the enquiry board. http://www. cs. berkeley. edu/\~{} demmel/ma221/ariane5rep. html}
}


@article{wirfs2006toward,
  title={Toward exception-handling best practices and patterns},
  author={Wirfs-Brock, Rebecca J},
  journal={Software, IEEE},
  volume={23},
  number={5},
  pages={11--13},
  year={2006},
  publisher={IEEE}
}

@article{fraser20131600,
  title={1600 faults in 100 projects: automatically finding faults while achieving high coverage with EvoSuite},
  author={Fraser, Gordon and Arcuri, Andrea},
  journal={Empirical Software Engineering},
  pages={1--29},
  year={2013},
  publisher={Springer}
}

@inproceedings{maji2012empirical,
  title={An empirical study of the robustness of inter-component communication in Android},
  author={Maji, Amiya Kumar and Arshad, Fahad A and Bagchi, Saurabh and Rellermeyer, Jan S},
  booktitle={Dependable Systems and Networks (DSN), 2012 42nd Annual IEEE/IFIP International Conference on},
  pages={1--12},
  year={2012},
  organization={IEEE}
}

@article{csallner2004jcrasher,
  title={JCrasher: an automatic robustness tester for Java},
  author={Csallner, Christoph and Smaragdakis, Yannis},
  journal={Software: Practice and Experience},
  volume={34},
  number={11},
  pages={1025--1050},
  year={2004},
  publisher={Wiley Online Library}
}

@inproceedings{Gousi13,
  author = {Gousios, Georgios},
  title = {The GHTorrent dataset and tool suite},
  booktitle = {Proceedings of the 10th Working Conference on Mining Software
    Repositories},
  series = {MSR '13},
  year = {2013},
  isbn = {978-1-4673-2936-1},
  location = {San Francisco, CA, USA},
  pages = {233--236},
  numpages = {4},
  url = {http://dl.acm.org/citation.cfm?id=2487085.2487132},
  acmid = {2487132},
  publisher = {IEEE Press},
  address = {Piscataway, NJ, USA},
} 

@incollection{Walde95,
  title={Monads for functional programming},
  author={Wadler, Philip},
  editors={J. Jeuring and E. Meijer},
  booktitle={Advanced Functional Programming},
  pages={24--52},
  year={1995},
  publisher={Springer}
}


@article{garcia2001comparative,
  title={A comparative study of exception handling mechanisms for building dependable object-oriented software},
  author={Garcia, Alessandro F and Rubira, Cec{\i}lia MF and Romanovsky, Alexander and Xu, Jie},
  journal={Journal of systems and software},
  volume={59},
  number={2},
  pages={197--222},
  year={2001},
  publisher={Elsevier}
}

@article{robillard2003static,
  title={Static analysis to support the evolution of exception structure in object-oriented systems},
  author={Robillard, Martin P and Murphy, Gail C},
  journal={ACM Transactions on Software Engineering and Methodology (TOSEM)},
  volume={12},
  number={2},
  pages={191--221},
  year={2003},
  publisher={ACM}
}

@inproceedings{robillard2000designing,
  title={Designing robust Java programs with exceptions},
  author={Robillard, Martin P and Murphy, Gail C},
  booktitle={ACM SIGSOFT Software Engineering Notes},
  volume={25},
  number={6},
  pages={2--10},
  year={2000},
  organization={ACM}
}

@inproceedings{sinha1999criteria,
  title={Criteria for testing exception-handling constructs in Java programs},
  author={Sinha, Saurabh and Harrold, Mary Jean},
  booktitle={Software Maintenance, 1999.(ICSM'99) Proceedings. IEEE International Conference on},
  pages={265--274},
  year={1999},
  organization={IEEE}
}


@article{shah2010understanding,
  title={Understanding exception handling: Viewpoints of novices and experts},
  author={Shah, Hina B and Gorg, Carsten and Harrold, Mary Jean},
  journal={Software Engineering, IEEE Transactions on},
  volume={36},
  number={2},
  pages={150--161},
  year={2010},
  publisher={IEEE}
}

@article{coelho2011unveiling,
  title={Unveiling and taming liabilities of aspects in the presence of exceptions: a static analysis based approach},
  author={Coelho, Roberta and von Staa, Arndt and Kulesza, Uir{\'a} and Rashid, Awais and Lucena, Carlos},
  journal={Information Sciences},
  volume={181},
  number={13},
  pages={2700--2720},
  year={2011},
  publisher={Elsevier}
}


@incollection{coelho2008assessing,
  title={Assessing the impact of aspects on exception flows: An exploratory study},
  author={Coelho, Roberta and Rashid, Awais and Garcia, Alessandro and Ferrari, Fabiano and Cacho, N{\'e}lio and Kulesza, Uir{\'a} and von Staa, Arndt and Lucena, Carlos},
  booktitle={ECOOP 2008--Object-Oriented Programming},
  pages={207--234},
  year={2008},
  publisher={Springer}
}


@inproceedings{garcia2007extracting,
  title={Extracting error handling to aspects: A cookbook},
  author={Garcia, A and Rubira, CMF and others},
  booktitle={Software Maintenance, 2007. ICSM 2007. IEEE International Conference on},
  pages={134--143},
  year={2007},
  organization={IEEE}
}

@inproceedings{bruntink2006discovering,
  title={Discovering faults in idiom-based exception handling},
  author={Bruntink, Magiel and Van Deursen, Arie and Tourw{\'e}, Tom},
  booktitle={Proceedings of the 28th international conference on Software engineering},
  pages={242--251},
  year={2006},
  organization={ACM}
}

@incollection{miller1997issues,
  title={Issues with exception handling in object-oriented systems},
  author={Miller, Robert and Tripathi, Anand},
  booktitle={ECOOP'97â€”Object-Oriented Programming},
  pages={85--103},
  year={1997},
  publisher={Springer}
}

@article{okur2013study,
  title={A Study and Toolkit for Asynchronous Programming in C\#},
  author={Okur, Semih and Hartveld, David L and Dig, Danny and Deursen, Arie van},
  booktitle={Proceedings of the 36th international conference on Software engineering},
  pages={242--251},
  year={2014},
  organization={ACM},
  year={2013}
}


@inproceedings{zhang2012amplifying,
  title={Amplifying tests to validate exception handling code},
  author={Zhang, Pingyu and Elbaum, Sebastian},
  booktitle={Proceedings of the 2012 International Conference on Software Engineering},
  pages={595--605},
  year={2012},
  organization={IEEE Press}
}

@book{gosling2000java,
  title={The Java language specification},
  author={Gosling, James},
  year={2000},
  publisher={Addison-Wesley Professional}
}

@misc{debate,
	Howpublished = {\url{http://tutorials.jenkov.com/java-exception-handling/checked-or-unchecked-exceptions.html}},
	Month = {Oct},
	Title = {Checked or Unchecked Exceptions?},
	Year = {2013},
  note = {Online}
}


@misc{stackoverlow,
	Howpublished = {\url{http://stackoverflow.com/questions/6115896/java-checked-vs-unchecked-exception-explanation}},
	Month = {Mar},
	Title = {Java: checked vs unchecked exception explanation},
	Year = {2014},
  note = {Online}
}


@misc{chaining,
	Howpublished = {\url{http://docs.oracle.com/javase/tutorial/essential/exceptions/chained.html}},
	Month = {Mar},
	Title = {The Java Tutorial. Exception Chaining},
	Year = {2014},
  note = {Online}
}


@misc{general,
	Howpublished = {\url{http://www.javaworld.com/article/2073800/testing-debugging/beware-the-dangers-of-generic-exceptions.html?page=2}},
	Month = {Mar},
	Title = {Java World. Beware the dangers of generic Exceptions},
	Year = {2014},
  note = {Online}
}

@article{ivankova2006using,
  title={Using mixed-methods sequential explanatory design: From theory to practice},
  author={Ivankova, Nataliya V and Creswell, John W and Stick, Sheldon L},
  journal={Field Methods},
  volume={18},
  number={1},
  pages={3--20},
  year={2006},
  publisher={Sage Publications}
}


