@inproceedings{Ruiz12,
	Author = {Ruiz, I.J.M. and Nagappan, M. and Adams, B. and Hassan, A.E.},
	Booktitle = {Proceedings of the International Conference on Program Comprehension (ICPC)},
	Doi = {10.1109/ICPC.2012.6240477},
	Issn = {1092-8138},
	Pages = {113-122},
	Title = {Understanding reuse in the {Android} Market},
year = 2012
}

@inproceedings{Co15,
  author={Roberta Coelho, Lucas Almeida, Georgios Gousios and Arie van Deursen},
  title={Unveiling Exception Handling Bug Hazards in Android based on GitHub and Google Code Issues},
  booktitle={Proceedings Working Conference on Mining Software Repositories (MSR)},
 pages = {2-10},
 numpages = {9},
 year = 2015
} 


@inproceedings{Syer11,
	Author = {Syer, M.D. and Adams, B. and Ying Zou and Hassan, A.E.},
	Booktitle = {Proceedings of SCAM 2011},
	Doi = {10.1109/SCAM.2011.25},
	Keywords = {mobile handsets;software libraries;source coding;Android microapps;Blackberry microapps;code churn;code dependencies;mobile devices;mobile technologies;product quality;smartphones;source code;third party libraries;Android;Black-Berry;micro-apps;mobile platforms},
	Pages = {55-64},
	Title = {Exploring the Development of Micro-apps: A Case Study on the BlackBerry and Android Platforms}
}

@inproceedings{McDon13,
	Author = {McDonnell, T. and Ray, B. and Miryung Kim},
	Booktitle = {Proceedings International Conference on Software Maintenance (ICSM)},
	Pages = {70-79},
	Title = {An Empirical Study of API Stability and Adoption in the Android Ecosystem},
year = 2013
}

@inproceedings{enck2011study,
  title={A Study of Android Application Security.},
  author={Enck, William and Octeau, Damien and McDaniel, Patrick and Chaudhuri, Swarat},
  booktitle={USENIX security symposium},
  volume={2},
  pages={2},
  year={2011}
}


@inproceedings{hassan2008road,
  title={The road ahead for mining software repositories},
  author={Hassan, Ahmed E},
  booktitle={Frontiers of Software Maintenance, 2008. FoSM 2008.},
  pages={48--57},
  year={2008},
  organization={IEEE}
}


@inproceedings{Linar13,
	Acmid = {2491428},
	Author = {Linares-V\'{a}squez, Mario and Bavota, Gabriele and Bernal-C\'{a}rdenas, Carlos and Di Penta, Massimiliano and Oliveto, Rocco and Poshyvanyk, Denys},
	Booktitle = {Proceedings of FSE 2013},
	Doi = {10.1145/2491411.2491428},
	Isbn = {978-1-4503-2237-9},
	Numpages = {11},
	Pages = {477--487},
	Publisher = {ACM},
	Title = {{API} Change and Fault Proneness: A Threat to the Success of {Android} Apps},
	Url = {http://doi.acm.org/10.1145/2491411.2491428},
  year = 2013
}


@inproceedings{Octea12,
	Acmid = {2393600},
	Articleno = {6},
	Author = {Octeau, Damien and Jha, Somesh and McDaniel, Patrick},
	Booktitle = {Proceedings of FSE 2012},
	Doi = {10.1145/2393596.2393600},
	Isbn = {978-1-4503-1614-9},
	Keywords = {Android, Dalvik bytecode, Dalvik retargeting},
	Numpages = {11},
	Pages = {6:1--6:11},
	Title = {Retargeting Android Applications to {J}ava Bytecode},
	Url = {http://doi.acm.org/10.1145/2393596.2393600},
}

@inproceedings{Zhou12,
	Acmid = {2133640},
	Author = {Zhou, Wu and Zhou, Yajin and Jiang, Xuxian and Ning, Peng},
	Booktitle = {Proceedings of COSASPY '12},
	Doi = {10.1145/2133601.2133640},
	Isbn = {978-1-4503-1091-8},
	Keywords = {privacy and security, repackaging, smartphones},
	Location = {San Antonio, Texas, USA},
	Numpages = {10},
	Pages = {317--326},
	Title = {Detecting Repackaged Smartphone Applications in Third-party Android Marketplaces},
	Url = {http://doi.acm.org/10.1145/2133601.2133640},
}

@article{Coelh11,
	Author = {Roberta Coelho and Arndt von Staa and Uir{\'a} Kulesza and Awais Rashid and Carlos Lucena},
	Doi = {http://dx.doi.org/10.1016/j.ins.2010.06.002},
	Issn = {0020-0255},
	Journal = {Information Sciences},
	Keywords = {Exception handling rules conformance},
	Number = {13},
	Pages = {2700 - 2720},
	Title = {Unveiling and taming liabilities of aspects in the presence of exceptions: A static analysis based approach},
	Url = {http://www.sciencedirect.com/science/article/pii/S0020025510002525},
	Volume = {181},
}


@inproceedings{Di-Be11,
	Author = {Di Bernardo, R. and Sales, R. and Castor, F. and Coelho, R. and Cacho, N. and Soares, S.},
	Booktitle = {Proceedings of SBES 2011},
	Doi = {10.1109/SBES.2011.28},
	Month = {Sept},
	Title = {Agile Testing of Exceptional Behavior},
}


@inproceedings{Hassa08,
	Author = {Hassan, A.E.},
	Booktitle = {Proceedings of FoSM 2008.},
	Doi = {10.1109/FOSM.2008.4659248},
	Month = {Sept},
	Pages = {48-57},
	Title = {The road ahead for Mining Software Repositories},
}

@inproceedings{Zhang12,
	Acmid = {2337293},
	Address = {Piscataway, NJ, USA},
	Author = {Zhang, Pingyu and Elbaum, Sebastian},
	Booktitle = {Proceedings International Conference on Software Engineering (ICSE)},
	Numpages = {11},
	Pages = {595--605},
	Publisher = {IEEE Press},
	Title = {Amplifying Tests to Validate Exception Handling Code},
	Url = {http://dl.acm.org/citation.cfm?id=2337223.2337293},
 year = 2012
}

@misc{BugSe14,
	Howpublished = {\url{https://www.bugsense.com/}},
	Month = {Mar},
	Title = {Bugsense},
	Year = {2014},
  note = {Online}
}

@misc{BugSn14,
	Howpublished = {\url{https://bugsnag.com/}},
	Month = {Mar},
	Title = {Bugsnag},
	Year = {2014},
  note = {Online}
}

@misc{Googl14,
	Howpublished = {\url{https://www.google.com/analytics/}},
	Month = {Mar},
	Title = {Google Analytics},
	Year = {2014},
  note = {Online}
}

@misc{Acra14,
	Howpublished = {\url{code.google.com/p/acra/}},
	Month = {Mar},
	Title = {ACRA},
	Year = {2014},
  note = {Online}
}



@misc{hoare2,
	Howpublished = {\url{qconlondon.com/london-2009/presentation/Null+References:+The+Billion+Dollar+Mistake}},
	Month = {Mar},
	Title = {Null References: The Billion Dollar Mistake, abstract of talk at QCon Londo},
	Year = {2014},
  note = {Online}
}


@misc{javatut,
	Howpublished = {\url{http://docs.oracle.com/javase/
tutorial/essential /exceptions/runtime.html}},
	Month = {Mar},
	Title = {The {J}ava Tutorial. {U}nchecked Exceptions: The Controversy},
	Year = {2014},
  note = {Online}
}


@inproceedings{Patha11,
 author = {Pathak, Abhinav and Hu, Y. Charlie and Zhang, Ming},
 title = {Bootstrapping Energy Debugging on Smartphones: A First Look at Energy Bugs in Mobile Devices},
 booktitle = {Proceedings of the 10th ACM Workshop on Hot Topics in Networks},
 series = {HotNets-X},
 year = {2011},
 isbn = {978-1-4503-1059-8},
 location = {Cambridge, Massachusetts},
 pages = {5:1--5:6},
 articleno = {5},
 numpages = {6},
 url = {http://doi.acm.org/10.1145/2070562.2070567},
 doi = {10.1145/2070562.2070567},
 acmid = {2070567},
 publisher = {ACM},
 address = {New York, NY, USA},
 keywords = {ebug, energy, energy bug},
} 

@article{Weimer08,
 author = {Weimer, Westley and Necula, George C.},
 title = {Exceptional Situations and Program Reliability},
 journal = {ACM Trans. Program. Lang. Syst.},
 issue_date = {March 2008},
 volume = {30},
 number = {2},
 month = mar,
 year = {2008},
 issn = {0164-0925},
 pages = {8:1--8:51},
 articleno = {8},
 numpages = {51},
 url = {http://doi.acm.org/10.1145/1330017.1330019},
 doi = {10.1145/1330017.1330019},
 acmid = {1330019},
 publisher = {ACM},
 address = {New York, NY, USA},
 keywords = {Error handling, compensating transactions, linear sagas, linear types, resource management},
} 

@ARTICLE{Sinha00, 
author={Sinha, S. and Harrold, M.J.}, 
journal={Software Engineering, IEEE Transactions on}, 
title={Analysis and testing of programs with exception handling constructs}, 
year={2000}, 
month={Sep}, 
volume={26}, 
number={9}, 
pages={849-871}, 
doi={10.1109/32.877846}, 
ISSN={0098-5589},}

@inproceedings{Robil00,
 author = {Robillard, Martin P. and Murphy, Gail C.},
 title = {Designing Robust {J}ava Programs with Exceptions},
 booktitle = {Proceedings International Conference on the Foundations of Software Engineering (FSE)},
 pages = {2--10},
 numpages = {9},
 year = 2000,
 keywords = {error handling, exception handling, exception structure design, software compartments},
} 

@INPROCEEDINGS{Cacho09, 
author={Cacho, N. and Dantas, F. and Garcia, A. and Castor, F.}, 
booktitle={Software Engineering, 2009. SBES '09. XXIII Brazilian Symposium on}, 
title={Exception Flows Made Explicit: An Exploratory Study}, 
year={2009}, 
month={Oct}, 
pages={43-53}, 
keywords={computer interfaces;exception handling;programming languages;software reusability;error handling code;exception flows;exception handling mechanisms;global design impact;implicit exception flows;multiple module interfaces;programming languages;software usability;Computer languages;Error correction;Informatics;Power system reliability;Resumes;Robustness;Software engineering;Software quality;Software systems;Usability}, 
doi={10.1109/SBES.2009.11},}

@inproceedings{Thummalapenta:2009:MER:1555001.1555063,
 author = {Thummalapenta, Suresh and Xie, Tao},
 title = {Mining Exception-handling Rules As Sequence Association Rules},
 booktitle = {Proceedings of the 31st International Conference on Software Engineering},
 series = {ICSE '09},
 year = {2009},
 isbn = {978-1-4244-3453-4},
 pages = {496--506},
 numpages = {11},
 url = {http://dx.doi.org/10.1109/ICSE.2009.5070548},
 doi = {10.1109/ICSE.2009.5070548},
 acmid = {1555063},
 publisher = {IEEE Computer Society},
 address = {Washington, DC, USA},
} 


@inproceedings{sinha2009fault,
  title={Fault localization and repair for {J}ava runtime exceptions},
  author={Sinha, Saurabh and Shah, Hina and G{\"o}rg, Carsten and Jiang, Shujuan and Kim, Mijung and Harrold, Mary Jean},
  booktitle={Proceedings International Symposium on Software Testing and Analysis (ISSTA)},
  pages={153--164},
  publisher = {ACM},
  year = 2009
}





@inproceedings{kim2013predicting,
  title={Predicting method crashes with bytecode operations},
  author={Kim, Sunghun and Zimmermann, Thomas and Premraj, Rahul and Bettenburg, Nicolas and Shivaji, Shivkumar},
  booktitle={Proceedings of the 6th India Software Engineering Conference},
  pages={3--12},
  year = 2013
}


@inproceedings{sacramento2006unchecked,
  title={Unchecked exceptions: can the programmer be trusted to document exceptions},
  author={Sacramento, Paulo and Cabral, Bruno and Marques, Paulo},
  booktitle ={International Conference on Innovative Views of .NET Technologies},
  year={2006}
}

@incollection{cabral2007exception,
  title={Exception handling: A field study in {J}ava and {.N}et},
  author={Cabral, Bruno and Marques, Paulo},
  booktitle={Proceedings of ECOOP 2007},
  pages={151--175},
  publisher={Springer},
  year = 2007
}


@inproceedings{reimer2003analyzing,
  title={Analyzing exception usage in large {J}ava applications},
  author={Reimer, Darell and Srinivasan, Harini},
  booktitle={Proceedings of ECOOP 2003},
  year={2003}
}


@inproceedings{bettenburg2008extracting,
  title={Extracting structural information from bug reports},
  author={Bettenburg, Nicolas and Premraj, Rahul and Zimmermann, Thomas and Kim, Sunghun},
  booktitle={Proceedings of MSR 2008},
  pages={27--30},
  year={2008},
  organization={ACM}
}

@inproceedings{bacchelli2012content,
  title={Content classification of development emails},
  author={Bacchelli, Alberto and Dal Sasso, Tommaso and D'Ambros, Marco and Lanza, Michele},
  booktitle={Proceedings of ICSE 2012},
  pages={375--385},
  year = 2012
}

@inproceedings{marinescu2011classes,
  title={Are the classes that use exceptions defect prone?},
  author={Marinescu, Cristina},
  booktitle={Proceedings of the 12th International Workshop on Principles of Software Evolution and the 7th annual ERCIM Workshop on Software Evolution},
  pages={56--60},
  year={2011},
  organization={ACM}
}

@inproceedings{bettenburg2008makes,
  title={What makes a good bug report?},
  author={Bettenburg, Nicolas and Just, Sascha and Schr{\"o}ter, Adrian and Weiss, Cathrin and Premraj, Rahul and Zimmermann, Thomas},
  booktitle={Proceedings of FSE 2008},
  pages={308--318},
  year = 2008
}

@inproceedings{dhaliwal2011classifying,
  title={Classifying field crash reports for fixing bugs: A case study of mozilla firefox},
  author={Dhaliwal, Tejinder and Khomh, Foutse and Zou, Ying},
  booktitle={Proceedings of International Conference on Software Maintenance (ICSM 2011)},
  pages={333--342},
  publisher = IEEE,
  year = 2011
}

@inproceedings{kim2011crash,
  title={Crash graphs: An aggregated view of multiple crashes to improve crash triage},
  author={Kim, Sunghun and Zimmermann, Thomas and Nagappan, Nachiappan},
  booktitle={Proceedings of the IEEE/IFIP International Conference on Dependable Systems and Networks (DSN)},
  pages={486--493},
  publisher = {IEEE},
  year = 2011
}

@inproceedings{sawadpong2012exception,
  title={Exception handling defects: An empirical study},
  author={Sawadpong, Puntitra and Allen, Edward B and Williams, Byron J},
  booktitle={High-Assurance Systems Engineering (HASE), 2012 IEEE 14th International Symposium on},
  pages={90--97},
  year={2012},
  organization={IEEE}
}

@inproceedings{wang2013improving,
  title={Improving bug localization using correlations in crash reports},
  author={Wang, Shaohua and Khomh, Foutse and Zou, Ying},
  booktitle={Proceedings Working Conference on Mining Software Repositories (MSR 2013)},
  publisher = {ACM/IEEE},
  pages={247--256},
  year = 2013
}

@inproceedings{schroter2010stack,
  title={Do stack traces help developers fix bugs?},
  author={Schr{\"{o}}ter, Adrian and Bettenburg, Nicolas and Premraj, Rahul},
  booktitle={Proceedings Working Conference on Mining Software Repositories (MSR)},
  year = 2010,
  publisher = {IEEE},
  pages={118--121},
}


@article{meyer1992applying,
  title={Applying'design by contract'},
  author={Meyer, Bertrand},
  journal={Computer},
  volume={25},
  number={10},
  pages={40--51},
  year={1992},
  publisher={IEEE}
}


@inproceedings{shah2008developers,
  title={Why do developers neglect exception handling?},
  author={Shah, Hina and G{\"o}rg, Carsten and Harrold, Mary Jean},
  booktitle={Proceedings of the 4th international workshop on Exception handling},
  pages={62--68},
  year={2008},
  organization={ACM}
}


@book{bloch2008effective,
  title={Effective java},
  author={Bloch, Joshua},
  year={2008},
  publisher={Pearson Education India}
}


@book{mandrioli1992advances,
  title={Advances in object-oriented software engineering},
  author={Mandrioli, Dino and Meyer, Bertrand},
  year={1992},
  publisher={Prentice-Hall, Inc.}
}

@article{goodenough1975exception,
  title={Exception handling: issues and a proposed notation},
  author={Goodenough, John B},
  journal={CACM},
  volume={18},
  number={12},
  pages={683--696},
  year={1975},
  publisher={ACM}
}

@misc{lions1996ariane,
  title={Ariane 5 flight 501 failure},
  author={Lions, Jacques-Louis and others},
  year={1996},
  publisher={Report by the enquiry board.},
  url = {http://www.cs.berkeley.edu/\~demmel/ma221/ariane5rep.html}
}

@article{wirfs2006toward,
  title={Toward exception-handling best practices and patterns},
  author={Wirfs-Brock, Rebecca J},
  journal={Software, IEEE},
  volume={23},
  number={5},
  pages={11--13},
  year={2006},
  publisher={IEEE}
}

@article{fraser20131600,
  title={1600 faults in 100 projects: automatically finding faults while achieving high coverage with EvoSuite},
  author={Fraser, Gordon and Arcuri, Andrea},
  journal={Empirical Software Engineering},
  pages={1--29},
  year={2013},
  publisher={Springer}
}

@inproceedings{maji2012empirical,
  title={An empirical study of the robustness of inter-component communication in {A}ndroid},
  author={Maji, Amiya Kumar and Arshad, Fahad A and Bagchi, Saurabh and Rellermeyer, Jan S},
  booktitle={Proceedings of the IEEE/IFIP International Conference on Dependable Systems and Networks (DSN)},
  pages={1--12},
  year = 2012,
  publisher = {IEEE}
}

@article{csallner2004jcrasher,
  title={JCrasher: an automatic robustness tester for {J}ava},
  author={Csallner, Christoph and Smaragdakis, Yannis},
  journal={Software: Practice and Experience},
  volume={34},
  number={11},
  pages={1025--1050},
  year={2004},
  publisher={Wiley Online Library}
}

@inproceedings{georg2014,
  title={An exploratory study of the pull-based software development model.},
  author={Gousios, Georgios and Pinzger, Martin and van Deursen, Arie},
  booktitle={ICSE},
  pages={345--355},
  year={2014}
}

@inproceedings{Gousi13,
  author = {Gousios, Georgios},
  title = {The {GHT}orrent dataset and tool suite},
  booktitle = {Proceedings of the International Working Conference on Mining Software Repositories (MSR)},
  year = 2013,
  publisher = {IEEE},
  pages = {233--236},
} 

@incollection{Walde95,
  title={Monads for functional programming},
  author={Wadler, Philip},
  editors={J. Jeuring and E. Meijer},
  booktitle={Advanced Functional Programming},
  pages={24--52},
  year={1995},
  publisher={Springer}
}


@article{garcia2001comparative,
  title={A comparative study of exception handling mechanisms for building dependable object-oriented software},
  author={Garcia, Alessandro F and Rubira, Cec{\i}lia MF and Romanovsky, Alexander and Xu, Jie},
  journal={Journal of systems and software},
  volume={59},
  number={2},
  pages={197--222},
  year={2001},
  publisher={Elsevier}
}

@article{robillard2003static,
  title={Static analysis to support the evolution of exception structure in object-oriented systems},
  author={Robillard, Martin P and Murphy, Gail C},
  journal={ACM Transactions on Software Engineering and Methodology (TOSEM)},
  volume={12},
  number={2},
  pages={191--221},
  year={2003},
  publisher={ACM}
}



@inproceedings{sinha1999criteria,
  title={Criteria for testing exception-handling constructs in {J}ava programs},
  author={Sinha, Saurabh and Harrold, Mary Jean},
  booktitle={Software Maintenance, 1999.(ICSM'99) Proceedings. IEEE International Conference on},
  pages={265--274},
  year={1999},
  organization={IEEE}
}


@article{shah2010understanding,
  title={Understanding exception handling: Viewpoints of novices and experts},
  author={Shah, Hina B and Gorg, Carsten and Harrold, Mary Jean},
  journal={IEEE Trans. Soft. Eng.},
  volume={36},
  number={2},
  pages={150--161},
  year={2010},
}

@article{coelho2011unveiling,
  title={Unveiling and taming liabilities of aspects in the presence of exceptions: a static analysis based approach},
  author={Coelho, Roberta and von Staa, Arndt and Kulesza, Uir{\'a} and Rashid, Awais and Lucena, Carlos},
  journal={Information Sciences},
  volume={181},
  number={13},
  pages={2700--2720},
  year={2011},
  publisher={Elsevier}
}

@book{binder2000testing,
  title={Testing object-oriented systems: models, patterns, and tools},
  author={Binder, Robert},
  year={2000},
  publisher={Addison-Wesley Professional}
}


@inproceedings{coelho2008assessing,
  title={Assessing the impact of aspects on exception flows: An exploratory study},
  author={Coelho, Roberta and Rashid, Awais and Garcia, Alessandro and Ferrari, Fabiano and Cacho, N{\'e}lio and Kulesza, Uir{\'a} and von Staa, Arndt and Lucena, Carlos},
  booktitle={Proceedings of European Conference on Object-Oriented Programming (ECOOP)},
  pages={207--234},
  publisher = {Springer-Verlag},
  year = 2008
}


@inproceedings{kechagia2014,
  title={Undocumented and unchecked: exceptions that spell trouble},
  author={Kechagia, Maria and Spinellis, Diomidis},
  booktitle={Proceedings of the 11th Working Conference on Mining Software Repositories},
  pages={312--315},
  year={2014},
  organization={ACM}
}

@inproceedings{kechagia2014b,
  title={Improvement of applications' stability through robust APIs},
  author={Kechagia, Maria},
  booktitle={Proceedings of the 29th ACM/IEEE international conference on Automated software engineering},
  pages={907--910},
  year={2014},
  organization={ACM}
}

@inproceedings{kechagia2013,
  title={Improving the quality of APIs through the analysis of software crash reports.},
  author={Kechagia, Maria and Mitropoulos, Dimitris and Spinellis, Diomidis and Ng, Nicholas},
  booktitle={ICCSW},
  pages={57--64},
  year={2013}
}


@inproceedings{garcia2007extracting,
  title={Extracting error handling to aspects: A cookbook},
  author={Garcia, A and Rubira, CMF and others},
  booktitle={Proceedings International Conference on Software Maintenance (ICSM)},
  pages={134--143},
  publisher={IEEE},
  year = 2007
}

@inproceedings{bruntink2006discovering,
  title={Discovering faults in idiom-based exception handling},
  author={Bruntink, Magiel and Van Deursen, Arie and Tourw{\'e}, Tom},
  booktitle={Proceedings ICSE 2006},
  pages={242--251},
}

@incollection{miller1997issues,
  title={Issues with exception handling in object-oriented systems},
  author={Miller, Robert and Tripathi, Anand},
  booktitle={Proceedings of ECOOP'97},
  pages={85--103},
  year={1997},
  publisher={Springer}
}

@article{okur2013study,
  title={A Study and Toolkit for Asynchronous Programming in C\#},
  author={Okur, Semih and Hartveld, David L and Dig, Danny and Deursen, Arie van},
  booktitle={Proceedings of the 36th international conference on Software engineering},
  pages={242--251},
  year={2014},
  organization={ACM},
  year={2013}
}


@inproceedings{viennot2014measurement,
  title={A measurement study of google play},
  author={Viennot, Nicolas and Garcia, Edward and Nieh, Jason},
  booktitle={The 2014 ACM international conference on Measurement and modeling of computer systems},
  pages={221--233},
  year={2014},
  organization={ACM}
}


@inproceedings{was2010,
  title={Software engineering issues for mobile application development},
  author={Wasserman, Anthony I},
  booktitle={Proceedings of the FSE/SDP workshop on Future of software engineering research},
  pages={397--400},
  year={2010},
  organization={ACM}
}

@inproceedings{tao2009,
  title={Mining exception-handling rules as sequence association rules},
  author={Thummalapenta, Suresh and Xie, Tao},
  booktitle={Proceedings of the 31st International Conference on Software Engineering},
  pages={496--506},
  year={2009},
  organization={IEEE Computer Society}
}

@inproceedings{di2011agile,
  title={Agile testing of exceptional behavior},
  author={Di Bernardo, Rafael and Sales, R and Castor, Fernando and Coelho, Roberta and Cacho, Nelio and Soares, Sergio},
  booktitle={Software Engineering (SBES), 2011 25th Brazilian Symposium on},
  pages={204--213},
  year={2011},
  organization={IEEE}
}


@inproceedings{nanda2009accurate,
  title={Accurate interprocedural null-dereference analysis for Java},
  author={Nanda, Mangala Gowri and Sinha, Saurabh},
  booktitle={Software Engineering, 2009. ICSE 2009. IEEE 31st International Conference on},
  pages={133--143},
  year={2009},
  organization={IEEE}
}



@article{jo2004uncaught,
  title={An uncaught exception analysis for Java},
  author={Jo, Jang-Wu and Chang, Byeong-Mo and Yi, Kwangkeun and Choe, Kwang-Moo},
  journal={Journal of systems and software},
  volume={72},
  number={1},
  pages={59--69},
  year={2004},
  publisher={Elsevier}
}


@book{gosling2000java,
  title={The {J}ava language specification},
  author={Gosling, James},
  year={2000},
  publisher={Addison-Wesley Professional}
}




@misc{debate,
	Howpublished = {\url{http://tutorials.jenkov.com/java-exception-handling/checked-or-unchecked-exceptions.html}},
	Month = {Oct},
	Title = {Checked or Unchecked Exceptions?},
	Year = {2013},
  note = {Online}
}


@misc{stackoverlow,
	Howpublished = {\url{http://stackoverflow.com/questions/6115896/java-checked-vs-unchecked-exception-explanation}},
	Month = {Mar},
	Title = {Java: checked vs unchecked exception explanation},
	Year = {2014},
  note = {Online}
}


Predicting Recurring Crash Stacks


@misc{chaining,
	Howpublished = {\url{http://docs.oracle.com/javase/tutorial/essential/exceptions/chained.html}},
	Month = {Mar},
	Title = {The {J}ava Tutorial. Exception Chaining},
	Year = {2014},
  note = {Online}
}

@misc{apidocs,
	Howpublished = {\url{http://developer.android.com/reference/packages.html}},
	Month = {Mar},
	Title = {Javadoc Documentation - Android API leves 1-20},
	Year = {2014},
  note = {Online}
}


@inproceedings{ama2012,
  title={Using GUI ripping for automated testing of Android applications},
  author={Amalfitano, Domenico and Fasolino, Anna Rita and Tramontana, Porfirio and De Carmine, Salvatore and Memon, Atif M},
  booktitle={Proceedings of the 27th IEEE/ACM International Conference on Automated Software Engineering},
  pages={258--261},
  year={2012},
  organization={ACM}
}


% TO INCLUDE:
% Software Analytics in Practice
% Predicting Recurring Crash Stacks

@misc{gartner,
	Howpublished = {\url{http://www.gartner.com/newsroom/id/2645115}},
	Month = {Jan},
	Title = {Gartner, Inc. Press release},
	Year = {2014},
  note = {Online}
}


@misc{javaback,
	Howpublished = {\url{http://docs.oracle.com/javase/specs/jls/se7/html/jls-13.html}},
	Month = {Jan},
	Title = {Java Specification on Backward Compatibility},
	Year = {2014},
  note = {Online}
}



@misc{andguide,
	Howpublished = {\url{http://developer.android.com/guide}},
	Month = {Sept},
	Title = {Android Development Guide},
	Year = {2014},
  note = {Online}
}

@misc{googleio,
	Howpublished = {\url{https://www.google.com/events/io}},
	Month = {June},
	Title = {Google I/O 2014},
	Year = {2014},
  note = {Online}
}


@misc{general,
	Howpublished = {\url{http://www.javaworld.com/article/2073800/testing-debugging/beware-the-dangers-of-generic-exceptions.html?page=2}},
	Month = {Mar},
	Title = {Java World. Beware the dangers of generic Exceptions},
	Year = {2014},
  note = {Online}
}

@article{ivankova2006using,
  title={Using mixed-methods sequential explanatory design: From theory to practice},
  author={Ivankova, Nataliya V and Creswell, John W and Stick, Sheldon L},
  journal={Field Methods},
  volume={18},
  number={1},
  pages={3--20},
  year={2006},
  publisher={Sage Publications}
}

@INPROCEEDINGS{Brunet09, 
  author={Brunet, J. and Guerrero, D. and Figueiredo, J.}, 
  booktitle={Proceedings of New Ideas and Emerging Research (NIER) track at the International Conference on Software Engineering (ICSE)}, 
  title={Design tests: An approach to programmatically check your code against design rules}, 
  pages={255-258},
  year = 2009,
  publisher = {IEEE}
}

@article{van2005combining, 
  title={Combining the robustness of checked exceptions with the flexibility of unchecked exceptions using anchored exception declarations},
  author={Van Dooren, Marko and Steegmans, Eric},
  journal={ACM SIGPLAN Notices},
  volume={40},
  number={10},
  pages={455--471},
  year={2005}}



@inproceedings{yuan:2014.osdi,
  author    = {Ding Yuan and
               Yu Luo and
               Xin Zhuang and
               Guilherme Renna Rodrigues and
               Xu Zhao and
               Yongle Zhang and
               Pranay Jain and
               Michael Stumm},
  title     = {Simple Testing Can Prevent Most Critical Failures: An Analysis of
               Production Failures in Distributed Data-Intensive Systems},
  booktitle = {11th {USENIX} Symposium on Operating Systems Design and Implementation,
               {OSDI} '14, Broomfield, CO, USA, October 6-8, 2014.},
  pages     = {249--265},
  year      = {2014},
  theurl       = {https://www.usenix.org/conference/osdi14/technical-sessions/presentation/yuan},
}